<?xml version="1.0" encoding="UTF-8"?><collection xmlns="http://www.loc.gov/MARC21/slim"><record><leader>00470nam--2200145-i-4500</leader><controlfield tag="001">000010577</controlfield><controlfield tag="002">20161230</controlfield><controlfield tag="005">20170209171801</controlfield><controlfield tag="008">060222s1000------------r-----000-0-eng-d</controlfield><datafield ind1=" " ind2=" " tag="100"><subfield code="a">Coudert, Maurice</subfield></datafield><datafield ind1=" " ind2=" " tag="245"><subfield code="a">Chromatographie avec programmation du gradient longitudial de temperature. Theorie des methodes et applications</subfield><subfield code="b">these</subfield></datafield><datafield ind1=" " ind2=" " tag="260"><subfield code="a">Lyon</subfield><subfield code="b">Universite Claude-Bernard</subfield><subfield code="c">1971</subfield></datafield><datafield ind1=" " ind2=" " tag="300"><subfield code="a">79 p.+ 49 Fig</subfield></datafield><datafield ind1=" " ind2=" " tag="852"><subfield code="a">015:543.544.25</subfield></datafield><datafield ind1=" " ind2=" " tag="CAT"><subfield code="a">SYS</subfield><subfield code="c">20170209</subfield><subfield code="h">171801</subfield></datafield></record></collection>